% This file was created with Citavi 5.5.0.1

@article{hochreiter1997long,
  added-at = {2016-11-15T08:49:43.000+0100},
  author = {Hochreiter, Sepp and Schmidhuber, J{\"u}rgen},
  biburl = {https://www.bibsonomy.org/bibtex/2a4a80026d24955b267cae636aa8abe4a/dallmann},
  interhash = {0692b471c4b9ae65d00affebc09fb467},
  intrahash = {a4a80026d24955b267cae636aa8abe4a},
  journal = {Neural computation},
  keywords = {lstm rnn},
  number = 8,
  pages = {1735--1780},
  publisher = {MIT Press},
  timestamp = {2016-11-15T08:49:43.000+0100},
  title = {Long short-term memory},
  volume = 9,
  year = 1997
}

@ARTICLE{Chung-et-al-TR2014,
    author = {Chung, Junyoung and G{\"{u}}l{\c c}ehre, {\c C}ağlar and Cho, Kyunghyun and Bengio, Yoshua},
     title = {Empirical Evaluation of Gated Recurrent Neural Networks on Sequence Modeling},
   journal = {arXiv e-prints},
    volume = {abs/1412.3555},
      year = {2014},
      note = {Presented at the Deep Learning workshop at NIPS2014},
       url = {https://arxiv.org/abs/1412.3555}
}

@online{lstm_colah,
  author = {Christopher Olah},
  title = {Recurrent Neural Networks},
  year = 2015,
  url = {http://colah.github.io/posts/2015-08-Understanding-LSTMs/},
  urldate = {2015-08-27}
}

@book{Goodfellow-et-al-2016,
    title={Deep Learning},
    author={Ian Goodfellow and Yoshua Bengio and Aaron Courville},
    publisher={MIT Press},
    note={\url{http://www.deeplearningbook.org}},
    year={2016}
}

@book{gulli2017deep,
  title={Deep Learning with Keras},
  author={Gulli, A. and Pal, S.},
  isbn={9781787129030},
  url={https://books.google.de/books?id=20EwDwAAQBAJ},
  year={2017},
  publisher={Packt Publishing}
}
